<?xml version="1.0" encoding="UTF-8"?><collection xmlns="http://www.loc.gov/MARC21/slim"><record><leader>00558nam--2200193-u-4500</leader><controlfield tag="001">000055067</controlfield><controlfield tag="002">20161230</controlfield><controlfield tag="005">20161230201052</controlfield><controlfield tag="008">121026s1000------------r-----000-0-rus-d</controlfield><datafield ind1=" " ind2=" " tag="040"><subfield code="a">IFIN-HH</subfield></datafield><datafield ind1=" " ind2=" " tag="041"><subfield code="a">rus</subfield></datafield><datafield ind1=" " ind2=" " tag="080"><subfield code="a">537.222.22:538.958:538.956</subfield></datafield><datafield ind1="1" ind2=" " tag="100"><subfield code="a">Sobolev,V.V</subfield></datafield><datafield ind1="1" ind2="0" tag="245"><subfield code="a">Rasceti opticeskih funktii polupovodnikov po soothoseniam kramersa-kroniga</subfield><subfield code="c">V.v. sobolev, s.a. alekseeva, v.i. donetkih</subfield></datafield><datafield ind1=" " ind2=" " tag="260"><subfield code="a">Kisinev</subfield><subfield code="b">Stiinta</subfield><subfield code="c">1976</subfield></datafield><datafield ind1=" " ind2=" " tag="300"><subfield code="a">123P</subfield></datafield><datafield ind1="1" ind2=" " tag="700"><subfield code="a">Donetkih , V.I</subfield></datafield><datafield ind1=" " ind2=" " tag="852"><subfield code="a">45783</subfield><subfield code="c">539.2</subfield></datafield><datafield ind1=" " ind2=" " tag="CAT"><subfield code="a">Sys</subfield><subfield code="c">20121026</subfield><subfield code="h">135352</subfield></datafield></record></collection>